% -------------------------------------------------------------------------------------------
% ---- Bibliography on My Subject
% -------------------------------------------------------------------------------------------

@Article{Shellshock:linuxfr,
 author = {Collectif, Linuxfr},
 title = {Une faille nommée "Shellshock"},
 note = {\url{http://linuxfr.org/news/une-faille-nommee-shellshock#explications-techniques}},
 year = {2014}
}
@Book{virus:filiol,
	author = {Eric Filiol},
	title = {Les virus informatiques : théorie, pratique et applications},
	edition = {2ème},
	year = {2009},
	publisher = {Springer}
}
	